%%%%%%%%%%%%%%%%%%%%%%%%%%%%%%%%%%%%%%%%%%%%%%%%%%%%%%%%%%%%%%%%%%%%%%%%%%%%%%%%
%%
%% Список литературы
%%
%%%%%%%%%%%%%%%%%%%%%%%%%%%%%%%%%%%%%%%%%%%%%%%%%%%%%%%%%%%%%%%%%%%%%%%%%%%%%%%%

@article{popek1974formal,
  title={Formal requirements for virtualizable third generation architectures},
  author={Popek, Gerald J and Goldberg, Robert P},
  journal={Communications of the ACM},
  volume={17},
  number={7},
  pages={412--421},
  year={1974},
  publisher={ACM}
}

@ARTICLE{small,
  author = {Freely, I.P.},
  title = {A small paper},
  journal = {The journal of small papers},
  year = 1997,
  volume = {-1},
  note = {To appear},
}

@ARTICLE{javascript,
	author = {Marija Selakovic and Michael Pradel},
	title = {Automatically Fixing Real-World
	JavaScript Performance Bugs},
	journal = {The 37th International Conference on Software Engineering},
	year = 2015,
	note = {Poster},
	url = {http://marija.skyresource.com/publications_list/icse2015-poster.pdf}
}

@ARTICLE{big,
  author = {Jass, Hugh},
  title = {A big paper},
  journal = {The journal of big papers},
  year = 7991,
  volume = {MCMXCVII},
}

@ARTICLE{russian,
  author = {Василий Пупкин and Василиса Пупкина and Пупкинский, В.П.},
  title = {Русская статья},
  journal = {Научно-технические ведомости НИИ ЧАВО},
  year = 2000,
  number = 16,
  pages = {32--64},
  language = {russian},
}

@book{java-book,
	title={Программирование на Java},
	author={Нимейер, П. and Леук, Д.},
	isbn={9785457661004},
	url={https://books.google.ru/books?id=zVpUBQAAQBAJ},
	year={2014},
	publisher={Эксмо},
	language = {russian},
}

@article{genprog,
	author       = "C. Le Goues and S. Forrest and W. Weimer",
	title        = "Current challenges in automatic software repair",
	journal      = "Software Quality Journal",
	volume       = "21",
	year         = "2013",
	pages        = "421-443",
	url = "http://www.cs.cmu.edu/~clegoues/docs/legoues-sqjo13.pdf"
}

@masterthesis{baun,
	author     =     {П.И. Баун},
	title     =     {Технология автоматизации трансформации программ при миграции в новое библиотечное окружение},
	school     =     {Санкт-Петербургский государственный политехнический университет},
	address     =     {Санкт-Петербург},
	year     =     {2013},
	language = {russian},
}

@phdthesis{pattern,
	author = {Fei Ma},
	title = {On the Study of Tree Pattern
	Matching Algorithms and Applications},
	school = {The University Of British Columbia},
	year = {2006},
}

@book{Parr:2013:DAR:2501720,
	author = {Parr, Terence},
	title = {The Definitive ANTLR 4 Reference},
	year = {2013},
	isbn = {1934356999, 9781934356999},
	edition = {2nd},
	publisher = {Pragmatic Bookshelf},
}

@online{ANTLR,
	title = {ANTLR},
	organization = {Веб-сайт проекта ANTLR},
	url = {http://www.antlr.org/},
	urldate = {22.11.2016},
	language = {russian},
}

@online{kasp,
	title = {Крис Касперски},
	organization = {Аппаратная виртуализация или эмуляция "без тормозов"},
	url = {http://www.insidepro.com/kk/159/159r.shtml},
	urldate = {22.11.2016},
	language = {russian},
}

@online{virtualbox,
	title = {VirtualBox},
	url = {http://www.virtualbox.org},
	urldate = {22.11.2016},
	language = {russian},
}

@online{vmware,
	title = {VMWare},
	url = {http://www.vmware.com},
	urldate = {22.11.2016},
	language = {russian},
}

@online{vtx,
	title = {Matias Zabaljauregui. Hardware Assisted Virtualization. Intel Virtualization Technology. Buenos Aires, June 2008},
	url = {http://linux.linti.unlp.edu.ar/kernel/wiki/images/f/f1/Vtx.pdf},
	urldate = {22.11.2016},
	language = {russian},
}

@online{amd,
	title = {AMD Virtualization},
	url = {http://www.amd.com/ru-ru/solutions/servers/virtualization},
	urldate = {22.11.2016},
	language = {russian},
}

@inproceedings{barham2003xen,
  title={Xen and the art of virtualization},
  author={Barham, Paul and Dragovic, Boris and Fraser, Keir and Hand, Steven and Harris, Tim and Ho, Alex and Neugebauer, Rolf and Pratt, Ian and Warfield, Andrew},
  booktitle={ACM SIGOPS Operating Systems Review},
  volume={37},
  number={5},
  pages={164--177},
  year={2003},
  organization={ACM}
}

@article{cordy2006txl,
  title={The TXL source transformation language},
  author={Cordy, James R},
  journal={Science of Computer Programming},
  volume={61},
  number={3},
  pages={190--210},
  year={2006},
  publisher={Elsevier}
}

@article{bravenboer2008stratego,
  title={Stratego/XT 0.17. A language and toolset for program transformation},
  author={Bravenboer, Martin and Kalleberg, Karl Trygve and Vermaas, Rob and Visser, Eelco},
  journal={Science of computer programming},
  volume={72},
  number={1},
  pages={52--70},
  year={2008},
  publisher={Elsevier}
}

@inproceedings{zakai2011emscripten,
  title={Emscripten: an LLVM-to-JavaScript compiler},
  author={Zakai, Alon},
  booktitle={Proceedings of the ACM international conference companion on Object oriented programming systems languages and applications companion},
  pages={301--312},
  year={2011},
  organization={ACM}
}

@online{evolutionary,
	title = {Wikipedia},
	organization = {Эволюционное моделирование},
	url = {https://ru.wikipedia.org/wiki/Evolutionary_computation},
	urldate = {22.11.2016},
	language = {russian},
}

@article{Zeller:1999:YMP:318774.318946,
	author = {Zeller, Andreas},
	title = {Yesterday, My Program Worked. Today, It Does Not. Why?},
	journal = {SIGSOFT Softw. Eng. Notes},
	volume = {24},
	number = {6},
	year = {1999},
	issn = {0163-5948},
	pages = {253--267},
	numpages = {15},
	url = {http://doi.acm.org/10.1145/318774.318946},
	doi = {10.1145/318774.318946},
	acmid = {318946},
	publisher = {ACM},
	address = {New York, NY, USA},
}

@online{plumbr,
	title = {Plumbr},
	organization = {Java version statistics: 2015 edition},
	url = {https://plumbr.eu/blog/java/java-version-statistics-2015-edition},
	urldate = {22.11.2016},
	language = {russian},
}

@ARTICLE{genprogOld, 
	author={Le Goues, C. and ThanhVu Nguyen and Forrest, S. and Weimer, W.}, 
	journal={Software Engineering, IEEE Transactions on}, 
	title={GenProg: A Generic Method for Automatic Software Repair}, 
	year={2012}, 
	month={Jan}, 
	volume={38}, 
	number={1}, 
	pages={54-72}, 
	keywords={formal specification;genetic algorithms;software maintenance;GenProg;automatic software repair;defects repair;formal specifications;genetic programming;legacy programs;program annotations;special coding practices;Automatic programming;Computer bugs;Debugging;Encoding;Maintenance engineering;Syntactics;Automatic programming;corrections;testing and debugging.}, 
	doi={10.1109/TSE.2011.104}, 
	ISSN={0098-5589},
}

@book{Kernighan:1988:CPL:576122,
	author = {Kernighan, Brian W.},
	editor = {Ritchie, Dennis M.},
	title = {The  C Programming Language},
	year = {1988},
	isbn = {0131103709},
	edition = {2nd},
	publisher = {Prentice Hall Professional Technical Reference},
}

@online{BugsList,
	title = {FindBugs},
	organization = {FindBugs Bug Descriptions},
	url = {http://findbugs.sourceforge.net/bugDescriptions.html},
	urldate = {22.11.2016},
	language = {russian},
}

@online{ideaStatic,
	title = {JetBrains},
	organization = {IntelliJ IDEA How-To: Static Code Analysis},
	url = {https://www.jetbrains.com/idea/documentation/static_code_analysis.html},
	urldate = {22.11.2016},
	language = {russian},
}

@online{ideaSSR,
	title = {JetBrains},
	organization = {Structural Search and Replace: What, Why, and How-to},
	url = {https://www.jetbrains.com/idea/documentation/ssr.html},
	urldate = {22.11.2016},
	language = {russian},
}

@inproceedings{broeksema2011visual,
  title={Visual support for porting large code bases},
  author={Broeksema, Bertjan and Telea, Alexandru},
  booktitle={Visualizing Software for Understanding and Analysis (VISSOFT), 2011 6th IEEE International Workshop on},
  pages={1--8},
  year={2011},
  organization={IEEE}
}

@inproceedings{christoph2003great,
  title={GREAT: UML transformation tool for porting middleware applications},
  author={Christoph, Alexander and M{\"u}ller, Matthias M},
  booktitle={International Conference on the Unified Modeling Language},
  pages={18--30},
  year={2003},
  organization={Springer}
}

@article{panlang,
  title={Автоматизация реинжиниринга программного обеспечения при портировании на новые библиотеки с помощью частичных спецификаций},
  author={Ицыксон, Владимир Михайлович},
  journal={Информационно-управляющие системы},
  number={2 (57)},
  year={2012},
  publisher={Государственное образовательное учреждение высшего профессионального образования "Санкт-Петербургский государственный университет аэрокосмического приборостроения"}
}

%%%%%%%%%%%%%%%%%%%%%%%%%%%%%%%%%%%%%%%%%%%%%%%%%%%%%%%%%%%%%%%%%%%%%%%%%%%%%%%%